@Article{eagle06,
author = {Nathan Eagle and Alex (Sandy) Pentland},
title = {Reality mining: sensing complex social systems},
journal = {Personal Ubiquitous Computing},
year = {2006},
volume = {10},
number = {4},
pages = {255–268}
}

@InProceedings{oulasvirta12,
author = {Antti Oulasvirta and Aurora Pihlajamaa and Jukka Perkiö and Debarshi Ray and Taneli Vähäkangas and Tero Hasu and Niklas Vainio and Petri Myllymäki},
title = {Long-term Effects of Ubiquitous Surveillance in the Home},
year = {2012},
booktitle = {Proceedings of The 14th International Conference on Ubiquitous Computing},
}
